@article{hockham2021protocol,
  author    = {Hockham, Carinna and Kotwal, Sradha and Wilcox, Arlen and Bassi, Abhinav and McGree, James and Pollock, Carol and Burrell, Louise M and Bathla, Nikita and Kunigari, Mallikarjuna and Rathore, Vinay and others},
  journal   = {Trials},
  number    = {1},
  pages     = {1--11},
  publisher = {BioMed Central},
  title     = {Protocol for the Controlled evaLuation of Angiotensin Receptor blockers for COVID-19 respIraTorY disease (CLARITY): a randomised controlled trial},
  volume    = {22},
  year      = {2021}
}


@article{mcgree2021controlled,
  author    = {McGree, JM and Hockham, Carinna and Kotwal, Sradha and Wilcox, Arlen and Bassi, Abhinav and Pollock, Carol and Burrell, Louise M and Snelling, Tom and Jha, Vivek and Jardine, Meg and others},
  journal   = {medRxiv},
  publisher = {Cold Spring Harbor Laboratory Press},
  title     = {Controlled evaLuation of Angiotensin Receptor Blockers for COVID-19 respIraTorY disease (CLARITY): Statistical analysis plan for a randomised controlled Bayesian adaptive sample size trial},
  year      = {2021}
}
